@article{chabries2003imaging,
  title={Imaging the past: recent applications of multispectral imaging technology to deciphering manuscripts},
  author={Chabries, Douglas M and Booras, Steven W and Bearman, Gregory H},
  journal={Antiquity},
  volume={77},
  number={296},
  pages={359--372},
  year={2003},
  publisher={Cambridge Univ Press}
}

@misc{BYU,
    title="BYU Multi-spectral Imaging Project",
    author="BYU",
    organization="Brigham-Young University",
    howpublished="\url{http://sites.lib.byu.edu/scholarsarchive/byu-multi-spectral-imaging-project/}",
    note="[Online; accessed 2015-04-25]"
}

@inproceedings{GCDB,
  title={GCDB: a character database system},
  author={Margaronis, John and Christou, Minas and Kavallieratou, Ergina and Tzouramanis, Theodoros},
  booktitle={Proceedings of the International Workshop on Multilingual OCR},
  pages={17},
  year={2009},
  organization={ACM}
}

@misc{VisCenter,
    title="The University of Kentucky Center for Visualization and Virtual Environments",
    author="VisCenter",
    organization="University of Kentucky",
    howpublished="\url{http://vis.uky.edu/}",
    note="[Online; accessed 2015-04-25]"
}

@article{segFree,
  title={An old greek handwritten OCR system based on an efficient segmentation-free approach},
  author={Ntzios, Kostas and Gatos, Basilios and Pratikakis, Ioannis and Konidaris, Thomas and Perantonis, Stavros J},
  journal={International Journal of Document Analysis and Recognition (IJDAR)},
  volume={9},
  number={2-4},
  pages={179--192},
  year={2007},
  publisher={Springer}
}

@article{HisDoc,
  title={The HisDoc Project: Automatic Analysis, Recognition, and Retrieval of Handwritten Historical Documents for Digital Libraries},
  author={Fischer, Andreas and Bunke, Horst and Naji, Nada and Savoy, Jacques and Baechler, Micheal and Ingold, Rolf},
  journal={The InterNational and InterDisciplinary Aspects of Scholarly Editing},
  year={2012}
}

@inproceedings{Diem1,
  title={Recognition of degraded handwritten characters using local features},
  author={Diem, Markus and Sablatnig, Robert},
  booktitle={Document Analysis and Recognition, 2009. ICDAR'09. 10th International Conference on},
  pages={221--225},
  year={2009},
  organization={IEEE}
}

@article{scikit-learn,
 title={Scikit-learn: Machine Learning in {P}ython},
 author={Pedregosa, F. and Varoquaux, G. and Gramfort, A. and Michel, V.
         and Thirion, B. and Grisel, O. and Blondel, M. and Prettenhofer, P.
         and Weiss, R. and Dubourg, V. and Vanderplas, J. and Passos, A. and
         Cournapeau, D. and Brucher, M. and Perrot, M. and Duchesnay, E.},
 journal={Journal of Machine Learning Research},
 volume={12},
 pages={2825--2830},
 year={2011}
}

@inproceedings{GRUHD,
  title={The GRUHD database of Greek unconstrained handwriting},
  author={Kavallieratou, Ergina and Liolios, Nikos and Koutsogeorgos, E and Fakotakis, Nikos and Kokkinakis, G},
  booktitle={Document Analysis and Recognition, 2001. Proceedings. Sixth International Conference on},
  pages={561--565},
  year={2001},
  organization={IEEE}
}
